<record><leader>00000cas a22000007a 4500</leader><controlfield tag="001">27061555</controlfield><controlfield tag="008">921204d19021904mouwr ne      0    0eng d</controlfield><datafield ind1=" " ind2=" " tag="010"><subfield code="a">sn 92059019 </subfield></datafield><datafield ind1=" " ind2=" " tag="040"><subfield code="a">MQN</subfield><subfield code="b">eng</subfield><subfield code="c">MQN</subfield><subfield code="d">OCLCQ</subfield></datafield><datafield ind1=" " ind2=" " tag="042"><subfield code="a">msc</subfield></datafield><datafield ind1="0" ind2="4" tag="245"><subfield code="a">The Bigelow enterprise.</subfield></datafield><datafield ind1=" " ind2=" " tag="260"><subfield code="a">Bigelow, Holt Co., Mo. :</subfield><subfield code="b">W.D. Hurlbut</subfield></datafield><datafield ind1=" " ind2=" " tag="300"><subfield code="a">v.</subfield></datafield><datafield ind1=" " ind2=" " tag="310"><subfield code="a">Weekly</subfield></datafield><datafield ind1="0" ind2=" " tag="362"><subfield code="a">Vol. 1, no. 1 (Sept. 25, 1902)-v. 2, no. 43 (July 15, 1904).</subfield></datafield><datafield ind1=" " ind2="4" tag="651"><subfield code="a">Bigelow (Mo.)</subfield><subfield code="v">Newspapers.</subfield></datafield><datafield ind1=" " ind2=" " tag="752"><subfield code="a">United States</subfield><subfield code="b">Missouri</subfield><subfield code="c">Holt</subfield><subfield code="d">Bigelow.</subfield></datafield></record>